<?xml version="1.0" encoding="UTF-8"?><collection xmlns="http://www.loc.gov/MARC21/slim"><record><leader>00353nam--2200133-i-4500</leader><controlfield tag="001">000037000</controlfield><controlfield tag="002">20161230</controlfield><controlfield tag="005">20161230201041</controlfield><controlfield tag="008">060222s1000------------r-----000-0-eng-d</controlfield><datafield ind1=" " ind2=" " tag="080"><subfield code="a">621.318</subfield></datafield><datafield ind1=" " ind2=" " tag="245"><subfield code="a">Principiile separarii magnetice a materialelor</subfield></datafield><datafield ind1=" " ind2=" " tag="260"><subfield code="a">Bucuresti, Ed.Acad.R.S.R., 1984, 224p</subfield></datafield><datafield ind1=" " ind2=" " tag="700"><subfield code="a">Rezlescu, Nicolae, /S.A.</subfield></datafield><datafield ind1=" " ind2=" " tag="852"><subfield code="a">79669</subfield></datafield></record></collection>